@misc{edgar:site,
author = {Edgarpeople.com},
title  = {Les sites les plus visités sur mobile et desktop},
date   = {2015},
url    = {http://www.edgarpeople.com/top-100-des-sites-les-plus-visites/}
}

@misc{ab:cd,
author = {Nikolaos Kourentzes},
title  = {Additive and multiplicative seasonality – can you identify them correctly?},
date   = {2014/11/09},
url    = {http://kourentzes.com/forecasting/2014/11/09/additive-and-multiplicative-seasonality/}
}
