@misc{un:exemple,
author = {Truc},
title  = {Titre},
date   = {2015},
url    = {http://URL.fr}
}
