@ARTICLE{Zhang:2008,
AUTHOR = {Some Publisher},
TITLE   = {{N}ice title},
YEAR	= 2008,
JOURNAL	= Scholarpedia,
VOLUME  = 3,
NUMBER  = 9,
PAGES   = 4244,
NOTE   = {{revision 128015}},
}
